@BOOKLET{cpp,
author = {Plus Plus, C},
title = {C++ std::string description},
month = oct,
year = {2013},
howpublished = "\url{http://www.cplusplus.com/reference/string/string/string/},
}
