@BOOKLET{rand,
author = {cplusplus},
title = {rand},
month = oct,
year = {2013},
howpublished = "\url{http://www.cplusplus.com/reference/cstdlib/rand/}",
}
