@BOOKLET{atan,
author = {cplusplus},
title = {atan2},
month = oct,
year = {2013},
howpublished = "\url{http://www.cplusplus.com/reference/cmath/atan2/}",
}
