@BOOKLET{const,
author = {Hardwick, Andrew},
title = {The C++ 'const' Declaration: Why \& How},
month = oct,
year = {2013},
howpublished = "\url{http://duramecho.com/ComputerInformation/WhyHowCppConst.html}",
}
