@BOOKLET{stack1,
author = {Stack Overflow},
title = {Why would we call cin.clear() and cin.ignore() after reading input?},
month = oct,
year = {2013},
howpublished = "\url{http://stackoverflow.com/questions/5131647/why-would-we-call-cin-clear-and-cin-ignore-after-reading-input}",
}
