%% This BibTeX bibliography file was created using BibDesk.
%% http://bibdesk.sourceforge.net/


%% Created for Tatiana at 2013-10-19 01:29:01 +0200 


%% Saved with string encoding Unicode (UTF-8) 



@booklet{tikz,
	Author = {Tikz},
	Date-Modified = {2013-10-18 23:28:57 +0000},
	Howpublished = {\url{http://www.texample.net/tikz/examples/pascals-triangle-and-sierpinski-triangle/}},
	Month = oct,
	Title = {Example: Pascal's triangle and Sierpinski triangle},
	Year = {2013}}
