@article{fowler2004automatic,
		title={Automatic gain control for image-intensified camera},
		author={Fowler, Kim R},
		journal={Instrumentation and Measurement, IEEE Transactions on},
		volume={53},
		number={4},
		pages={1057--1064},
		year={2004},
		publisher={IEEE}
}
