@BOOKLET{idealvsreal,
author = {Paschotta, RÃ¼diger},
title = {RP Photonics Encyclopedia},
month = nov,
year = {2013},
howpublished = "\url{http://www.rp-photonics.com/polarizers.html}",
}
