@article{prank1,
  title={How Google Ranks Web Pages},
  author={White, Brian},
  journal={Math 51 Lecture Notes},
  pages={1--4},
  year={2004},
  publisher={Standford University}
}}
