@misc{yohan1,
	  Author = {FOUGEROLLE, Yohan},
	    Institution = {Centre Universitaire Condorce},
		  Howpublished = {University Lecture},
		    Year = {2013},
			  Title = {Software Engineering Fundamentals of C++}
}

