@BOOKLET{srand,
author = {cplusplus},
title = {srand},
month = nov,
year = {2013},
howpublished = "\url{http://www.cplusplus.com/reference/cstdlib/srand/}",
}
