@BOOKLET{atan,
author = {cplusplus},
title = {atan2},
month = oct,
year = {2013},
howpublished = "\url{http://www.cplusplus.com/reference/cmath/atan2/}",
}
@BOOKLET{const,
author = {Hardwick, Andrew},
title = {The C++ 'const' Declaration: Why \& How},
month = oct,
year = {2013},
howpublished = "\url{http://duramecho.com/ComputerInformation/WhyHowCppConst.html}",
}
@misc{yohan1,
	  Author = {FOUGEROLLE, Yohan},
	    Institution = {Centre Universitaire Condorce},
		  Howpublished = {University Lecture},
		    Year = {2013},
			  Title = {Software Engineering Fundamentals of C++}
}

@BOOKLET{stack1,
author = {Stack Overflow},
title = {Why would we call cin.clear() and cin.ignore() after reading input?},
month = oct,
year = {2013},
howpublished = "\url{http://stackoverflow.com/questions/5131647/why-would-we-call-cin-clear-and-cin-ignore-after-reading-input}",
}
%% This BibTeX bibliography file was created using BibDesk.
%% http://bibdesk.sourceforge.net/


%% Created for Tatiana at 2013-10-19 01:29:01 +0200 


%% Saved with string encoding Unicode (UTF-8) 



@booklet{tikz,
	Author = {Tikz},
	Date-Modified = {2013-10-18 23:28:57 +0000},
	Howpublished = {\url{http://www.texample.net/tikz/examples/pascals-triangle-and-sierpinski-triangle/}},
	Month = oct,
	Title = {Example: Pascal's triangle and Sierpinski triangle},
	Year = {2013}}
