@BOOKLET{BicubicWiki,
author = {Wikipedia},
title = {Bicubic interpolation},
month = Marzo,
howpublished = "\url{http://en.wikipedia.org/wiki/Bicubic_interpolation}",
note = "[Online; accessed Apr-2013]"
}
@BOOKLET{cpp,
author = {Plus Plus, C},
title = {C++ std::string description},
month = oct,
year = {2013},
howpublished = "\url{http://www.cplusplus.com/reference/string/string/string/},
}
@misc{yohan1,
	  Author = {FOUGEROLLE, Yohan},
	    Institution = {Centre Universitaire Condorce},
		  Howpublished = {University Lecture},
		    Year = {2013},
			  Title = {Software Engineering Fundamentals of C++}
}

